@article{pop00001,
	author = {JR Graham and MT Leary and MR Roberts},
	title = {A century of capital structure: The leveraging of corporate America},
	journal = {Journal of financial economics},
	publisher = {Elsevier},
	url = {https://www.sciencedirect.com/science/article/pii/S0304405X14001809},
	fulltext = {https://www.nber.org/system/files/working_papers/w19910/w19910.pdf},
	related = {https://scholar.google.com/scholar?q=related:wLTw4YypaBAJ:scholar.google.com/\&scioq=%22capital+structure%22\&hl=en\&as_sdt=2007\&as_ylo=2015\&as_yhi=2020},
	year = {2015},
	abstract = {… First, we provide a more complete picture of capital structure that identifies three distinct … of capital structure based on firm characteristics fall short in explaining the capital structure …},
	note = {509 cites: https://scholar.google.com/scholar?cites=1182381324735919296\&as_sdt=2005\&sciodt=2007\&hl=en},
	note = {Query date: 2022-09-27 15:25:33},
}
@article{pop00002,
	author = {M Serfling},
	title = {Firing costs and capital structure decisions},
	journal = {The Journal of Finance},
	publisher = {Wiley Online Library},
	doi = {10.1111/jofi.12403},
	url = {https://onlinelibrary.wiley.com/doi/abs/10.1111/jofi.12403},
	fulltext = {https://repository.arizona.edu/bitstream/handle/10150/555889/azu_etd_13770_sip1_m.pdf?sequence=1},
	related = {https://scholar.google.com/scholar?q=related:uPNijYc8kZEJ:scholar.google.com/\&scioq=%22capital+structure%22\&hl=en\&as_sdt=2007\&as_ylo=2015\&as_yhi=2020},
	year = {2016},
	abstract = {… the effect of employee firing costs on capital structure works largely through traditional trade-off … to the literature examining the determinants of capital structure decisions (eg, Titman and …},
	note = {381 cites: https://scholar.google.com/scholar?cites=10489231560012919736\&as_sdt=2005\&sciodt=2007\&hl=en},
	note = {Query date: 2022-09-27 15:25:33},
}
@article{pop00003,
	author = {Ö Öztekin},
	title = {Capital structure decisions around the world: which factors are reliably important?},
	journal = {Journal of financial and quantitative analysis},
	publisher = {cambridge.org},
	url = {https://www.cambridge.org/core/journals/journal-of-financial-and-quantitative-analysis/article/capital-structure-decisions-around-the-world-which-factors-are-reliably-important/5718BF150B82255EADCA8C29C16CDD9C},
	fulltext = {https://www.academia.edu/download/52439626/div-class-title-capital-structure-decisions-around-the-world-which-factors-are-reliably-important-div.pdf},
	related = {https://scholar.google.com/scholar?q=related:o1z8WB_UPGgJ:scholar.google.com/\&scioq=%22capital+structure%22\&hl=en\&as_sdt=2007\&as_ylo=2015\&as_yhi=2020},
	year = {2015},
	abstract = {… This article examines the international determinants of capital structure using a large sample of firms from 37 countries. The reliable determinants for leverage are firm size, tangibility, …},
	note = {376 cites: https://scholar.google.com/scholar?cites=7511111509649153187\&as_sdt=2005\&sciodt=2007\&hl=en},
	note = {Query date: 2022-09-27 15:25:33},
}
@article{pop00004,
	author = {H DeAngelo and RM Stulz},
	title = {Liquid-claim production, risk management, and bank capital structure: Why high leverage is optimal for banks},
	journal = {Journal of financial economics},
	publisher = {Elsevier},
	url = {https://www.sciencedirect.com/science/article/pii/S0304405X14002578},
	fulltext = {https://cpb-us-west-2-juc1ugur1qwqqqo4.stackpathdns.com/u.osu.edu/dist/0/30211/files/2016/04/Liquid-claim-production-Risk-Mgmt-JFE-DeAngelo-Stulz2015-vg12ti.pdf},
	related = {https://scholar.google.com/scholar?q=related:SJZ13xn8zWIJ:scholar.google.com/\&scioq=%22capital+structure%22\&hl=en\&as_sdt=2007\&as_ylo=2015\&as_yhi=2020},
	year = {2015},
	abstract = {… Cochrane endorses this view of bank capital structure and … Importantly, with its central principle that capital structure is … in a model of bank capital structure that has just enough frictions …},
	note = {329 cites: https://scholar.google.com/scholar?cites=7119623773996029512\&as_sdt=2005\&sciodt=2007\&hl=en},
	note = {Query date: 2022-09-27 15:25:33},
}
@article{pop00005,
	author = {M Baker and J Wurgler},
	title = {Do strict capital requirements raise the cost of capital? Bank regulation, capital structure, and the low-risk anomaly},
	journal = {American Economic Review},
	publisher = {aeaweb.org},
	url = {https://www.aeaweb.org/articles?id=10.1257/aer.p20151092},
	fulltext = {https://dash.harvard.edu/bitstream/handle/1/16388336/baker-m%2Cwurgler_do-strict-capital-requirements_AERPP%20v7.pdf?sequence=1\&isAllowed=y},
	related = {https://scholar.google.com/scholar?q=related:-7-Bar5uo08J:scholar.google.com/\&scioq=%22capital+structure%22\&hl=en\&as_sdt=2007\&as_ylo=2015\&as_yhi=2020},
	year = {2015},
	abstract = {… As any such anomaly is much weaker in the debt markets, Modigliani-Miller capital structure … use a large sample of US bank returns and capital structure data to illustrate, first, that bank …},
	note = {258 cites: https://scholar.google.com/scholar?cites=5738552114309873659\&as_sdt=2005\&sciodt=2007\&hl=en},
	note = {Query date: 2022-09-27 15:25:33},
}
@article{pop00006,
	author = {F Allen and E Carletti and R Marquez},
	title = {Deposits and bank capital structure},
	journal = {Journal of Financial Economics},
	publisher = {Elsevier},
	url = {https://www.sciencedirect.com/science/article/pii/S0304405X14002499},
	fulltext = {https://cadmus.eui.eu/bitstream/handle/1814/26454/ECO_2013_03.pdf},
	related = {https://scholar.google.com/scholar?q=related:pGc8bAk9HxMJ:scholar.google.com/\&scioq=%22capital+structure%22\&hl=en\&as_sdt=2007\&as_ylo=2015\&as_yhi=2020},
	year = {2015},
	abstract = {… First, as argued by Modigliani and Miller (1958), when markets are not frictionless, capital structure is relevant for bank value and there is a unique optimal capital structure, which …},
	note = {250 cites: https://scholar.google.com/scholar?cites=1377887121678559140\&as_sdt=2005\&sciodt=2007\&hl=en},
	note = {Query date: 2022-09-27 15:25:33},
}
@article{pop00007,
	author = {S Klasa and H Ortiz-Molina and M Serfling and ...},
	title = {Protection of trade secrets and capital structure decisions},
	journal = {Journal of financial …},
	publisher = {Elsevier},
	url = {https://www.sciencedirect.com/science/article/pii/S0304405X18300473},
	fulltext = {https://www.unsw.edu.au/business/sites/default/files/seminars-conferences/Protection-of-trade.pdf},
	related = {https://scholar.google.com/scholar?q=related:J_AX1iQ3IREJ:scholar.google.com/\&scioq=%22capital+structure%22\&hl=en\&as_sdt=2007\&as_ylo=2015\&as_yhi=2020},
	year = {2018},
	abstract = {… lead the firm to choose its capital structure strategically, ie, taking … the relevance for capital structure choices of competitive … We study how a firm's capital structure decisions are affected …},
	note = {230 cites: https://scholar.google.com/scholar?cites=1234328404226469927\&as_sdt=2005\&sciodt=2007\&hl=en},
	note = {Query date: 2022-09-27 15:25:33},
}
@article{pop00008,
	author = {M Faccio and J Xu},
	title = {Taxes and capital structure},
	journal = {Journal of Financial and Quantitative Analysis},
	publisher = {cambridge.org},
	url = {https://www.cambridge.org/core/journals/journal-of-financial-and-quantitative-analysis/article/taxes-and-capital-structure/00202134414D33ADADAAF4F351235FD6},
	fulltext = {https://citeseerx.ist.psu.edu/viewdoc/download?doi=10.1.1.1063.374\&rep=rep1\&type=pdf},
	related = {https://scholar.google.com/scholar?q=related:RAMXKXV--S8J:scholar.google.com/\&scioq=%22capital+structure%22\&hl=en\&as_sdt=2007\&as_ylo=2015\&as_yhi=2020},
	year = {2015},
	abstract = {… have no effect on capital structure in our sample in countries in which tax evasion is high. By contrast, taxes appear to be significant determinants of capital structure choices in countries …},
	note = {224 cites: https://scholar.google.com/scholar?cites=3456933230649213764\&as_sdt=2005\&sciodt=2007\&hl=en},
	note = {Query date: 2022-09-27 15:25:33},
}
@article{pop00009,
	author = {G Schepens},
	title = {Taxes and bank capital structure},
	journal = {Journal of financial Economics},
	publisher = {Elsevier},
	url = {https://www.sciencedirect.com/science/article/pii/S0304405X16000209},
	fulltext = {https://www.aeaweb.org/conference/2015/retrieve.php?pdfid=3302\&tk=iQi9QaQ6},
	related = {https://scholar.google.com/scholar?q=related:HFCTszW5o4cJ:scholar.google.com/\&scioq=%22capital+structure%22\&hl=en\&as_sdt=2007\&as_ylo=2015\&as_yhi=2020},
	year = {2016},
	abstract = {… of taxes on bank capital structure, this paper addresses two … for equity in terms of capital structure adjustments, but that … contribution to the capital structure literature by identifying the …},
	note = {224 cites: https://scholar.google.com/scholar?cites=9773859256621289500\&as_sdt=2005\&sciodt=2007\&hl=en},
	note = {Query date: 2022-09-27 15:25:33},
}
@article{pop00010,
	author = {R Kieschnick and R Moussawi},
	title = {Firm age, corporate governance, and capital structure choices},
	journal = {Journal of Corporate Finance},
	publisher = {Elsevier},
	url = {https://www.sciencedirect.com/science/article/pii/S092911991730319X},
	fulltext = {https://copify.ir/wp-content/uploads/2018/01/2018-6.pdf},
	related = {https://scholar.google.com/scholar?q=related:IIRmPgJa-nIJ:scholar.google.com/\&scioq=%22capital+structure%22\&hl=en\&as_sdt=2007\&as_ylo=2015\&as_yhi=2020},
	year = {2018},
	abstract = {… For example, many empirical corporate capital structure … on corporate capital structure typically uses capital structure … linear regression models in capital structure studies. When one …},
	note = {184 cites: https://scholar.google.com/scholar?cites=8285033430184789024\&as_sdt=2005\&sciodt=2007\&hl=en},
	note = {Query date: 2022-09-27 15:25:33},
}
@article{pop00011,
	author = {R Elsas and D Florysiak},
	title = {Dynamic capital structure adjustment and the impact of fractional dependent variables},
	journal = {Journal of Financial and Quantitative Analysis},
	publisher = {cambridge.org},
	url = {https://www.cambridge.org/core/journals/journal-of-financial-and-quantitative-analysis/article/dynamic-capital-structure-adjustment-and-the-impact-of-fractional-dependent-variables/A3AF8FB24B30D554598FCB5779106CE0},
	fulltext = {https://epub.ub.uni-muenchen.de/59198/1/dynamic_capital_structure_adjustment_and_the_impact_of_fractional_dependent_variables.pdf},
	related = {https://scholar.google.com/scholar?q=related:s4tejcM_f6kJ:scholar.google.com/\&scioq=%22capital+structure%22\&hl=en\&as_sdt=2007\&as_ylo=2015\&as_yhi=2020},
	year = {2015},
	abstract = {… an example from empirical capital structure research. Debt ratios … A current issue in empirical capital structure research is to … This has entered the recent capital structure literature as well…},
	note = {178 cites: https://scholar.google.com/scholar?cites=12213550823575030707\&as_sdt=2005\&sciodt=2007\&hl=en},
	note = {Query date: 2022-09-27 15:25:33},
}
@article{pop00012,
	author = {B Grosse-Rueschkamp and S Steffen and D Streitz},
	title = {A capital structure channel of monetary policy},
	journal = {Journal of Financial …},
	publisher = {Elsevier},
	url = {https://www.sciencedirect.com/science/article/pii/S0304405X19300601},
	fulltext = {https://www.researchgate.net/profile/Benjamin-Grosse-Rueschkamp/publication/331785917_A_Capital_Structure_Channel_of_Monetary_Policy/links/60ed4c8bfb568a7098a6c653/A-Capital-Structure-Channel-of-Monetary-Policy.pdf},
	related = {https://scholar.google.com/scholar?q=related:HAbaR3JhWREJ:scholar.google.com/\&scioq=%22capital+structure%22\&hl=en\&as_sdt=2007\&as_ylo=2015\&as_yhi=2020},
	year = {2019},
	abstract = {… We coin this the capital structure channel of monetary policy. We show positive effects of … We analyze the effect of the CSPP on the capital structure of eligible firms and their investment …},
	note = {151 cites: https://scholar.google.com/scholar?cites=1250137515031660060\&as_sdt=2005\&sciodt=2007\&hl=en},
	note = {Query date: 2022-09-27 15:25:33},
}
@article{pop00013,
	author = {W Gornall and IA Strebulaev},
	title = {Financing as a supply chain: The capital structure of banks and borrowers},
	journal = {Journal of Financial Economics},
	publisher = {Elsevier},
	url = {https://www.sciencedirect.com/science/article/pii/S0304405X1830134X},
	fulltext = {https://www.nber.org/system/files/working_papers/w19633/w19633.pdf},
	related = {https://scholar.google.com/scholar?q=related:QgxF-fHupzIJ:scholar.google.com/\&scioq=%22capital+structure%22\&hl=en\&as_sdt=2007\&as_ylo=2015\&as_yhi=2020},
	year = {2018},
	abstract = {… We develop a model of the joint capital structure decisions of banks and their borrowers. Bank leverage of 85% or higher emerges because bank seniority both dramatically reduces …},
	note = {151 cites: https://scholar.google.com/scholar?cites=3650148746043657282\&as_sdt=2005\&sciodt=2007\&hl=en},
	note = {Query date: 2022-09-27 15:25:33},
}
@article{pop00014,
	author = {Z Chen and J Harford and A Kamara},
	title = {Operating leverage, profitability, and capital structure},
	journal = {Journal of financial and quantitative …},
	publisher = {cambridge.org},
	url = {https://www.cambridge.org/core/journals/journal-of-financial-and-quantitative-analysis/article/operating-leverage-profitability-and-capital-structure/EA54D08FCE6646044C7D6B27026BD22B},
	related = {https://scholar.google.com/scholar?q=related:Vkk8dN8FJ3EJ:scholar.google.com/\&scioq=%22capital+structure%22\&hl=en\&as_sdt=2007\&as_ylo=2015\&as_yhi=2020},
	year = {2019},
	abstract = {Operating leverage increases profitability and reduces optimal financial leverage. Thus, operating leverage generates a negative relation between profitability and financial leverage …},
	note = {129 cites: https://scholar.google.com/scholar?cites=8153492107663526230\&as_sdt=2005\&sciodt=2007\&hl=en},
	note = {Query date: 2022-09-27 15:25:33},
}
@article{pop00015,
	author = {MOC Keefe and M Yaghoubi},
	title = {The influence of cash flow volatility on capital structure and the use of debt of different maturities},
	journal = {Journal of Corporate Finance},
	publisher = {Elsevier},
	url = {https://www.sciencedirect.com/science/article/pii/S0929119916300256},
	fulltext = {http://www.isihome.ir/freearticle/ISIHome.ir-24105.pdf},
	related = {https://scholar.google.com/scholar?q=related:U8UjMPynyEIJ:scholar.google.com/\&scioq=%22capital+structure%22\&hl=en\&as_sdt=2007\&as_ylo=2015\&as_yhi=2020},
	year = {2016},
	abstract = {… Thus, the capital structure may be defined in three ways. Second, should debt be measured … of capital structure for both market and book values, which generates six capital structure …},
	note = {126 cites: https://scholar.google.com/scholar?cites=4812280903426622803\&as_sdt=2005\&sciodt=2007\&hl=en},
	note = {Query date: 2022-09-27 15:25:33},
}
@article{pop00016,
	author = {O De Jonghe and Ö Öztekin},
	title = {Bank capital management: International evidence},
	journal = {Journal of Financial Intermediation},
	publisher = {Elsevier},
	url = {https://www.sciencedirect.com/science/article/pii/S1042957315000029},
	fulltext = {https://research.tilburguniversity.edu/files/16177396/bank_capital_management_De_Jonghe_ztekin.pdf},
	related = {https://scholar.google.com/scholar?q=related:LhTlSoih1qAJ:scholar.google.com/\&scioq=%22capital+structure%22\&hl=en\&as_sdt=2007\&as_ylo=2015\&as_yhi=2020},
	year = {2015},
	abstract = {… To benchmark our results with the existing empirical corporate and bank capital structure literature streams, we reassess some of the typical attributes of non-financial corporations and …},
	note = {126 cites: https://scholar.google.com/scholar?cites=11589628297828701230\&as_sdt=2005\&sciodt=2007\&hl=en},
	note = {Query date: 2022-09-27 15:25:33},
}
@article{pop00017,
	author = {A Demirgüç-Kunt and MSM Peria and T Tressel},
	title = {The global financial crisis and the capital structure of firms: Was the impact more severe among SMEs and non-listed firms?},
	journal = {Journal of Corporate Finance},
	publisher = {Elsevier},
	url = {https://www.sciencedirect.com/science/article/pii/S0929119918308393},
	related = {https://scholar.google.com/scholar?q=related:KebuZSyKk10J:scholar.google.com/\&scioq=%22capital+structure%22\&hl=en\&as_sdt=2007\&as_ylo=2015\&as_yhi=2020},
	year = {2020},
	abstract = {… When focusing on non-listed firms, for which we see significant changes in capital structure, we find that the declines in leverage, debt maturity, and use of long-term debt were …},
	note = {114 cites: https://scholar.google.com/scholar?cites=6742884990397113897\&as_sdt=2005\&sciodt=2007\&hl=en},
	note = {Query date: 2022-09-27 15:25:33},
}
@article{pop00018,
	author = {Q Zhou and KJK Tan and R Faff and Y Zhu},
	title = {Deviation from target capital structure, cost of equity and speed of adjustment},
	journal = {Journal of Corporate Finance},
	publisher = {Elsevier},
	url = {https://www.sciencedirect.com/science/article/pii/S0929119916300682},
	fulltext = {https://research.bond.edu.au/files/73598826/AM_Deviation_from_target_capital_structure.pdf},
	related = {https://scholar.google.com/scholar?q=related:W4qmwGxIJ0oJ:scholar.google.com/\&scioq=%22capital+structure%22\&hl=en\&as_sdt=2007\&as_ylo=2015\&as_yhi=2020},
	year = {2016},
	abstract = {… Collectively, our findings imply that capital structure targeting is not equally important to all firms. Indeed, we argue that while evidence of the trade-off theory will tend to be obscured in …},
	note = {107 cites: https://scholar.google.com/scholar?cites=5343319114824190555\&as_sdt=2005\&sciodt=2007\&hl=en},
	note = {Query date: 2022-09-27 15:25:33},
}
@article{pop00019,
	author = {E Devos and S Rahman and D Tsang},
	title = {Debt covenants and the speed of capital structure adjustment},
	journal = {Journal of Corporate Finance},
	publisher = {Elsevier},
	url = {https://www.sciencedirect.com/science/article/pii/S0929119917302158},
	related = {https://scholar.google.com/scholar?q=related:_zOT0gfs168J:scholar.google.com/\&scioq=%22capital+structure%22\&hl=en\&as_sdt=2007\&as_ylo=2015\&as_yhi=2020},
	year = {2017},
	abstract = {… to move back to the target capital structure. However, this … (or target) capital structure, making the capital structure adjustment … Although a number of studies investigate capital structure …},
	note = {98 cites: https://scholar.google.com/scholar?cites=12670855594971968511\&as_sdt=2005\&sciodt=2007\&hl=en},
	note = {Query date: 2022-09-27 15:25:33},
}
@article{pop00020,
	author = {A Mc Namara and P Murro and S O'Donohoe},
	title = {Countries lending infrastructure and capital structure determination: The case of European SMEs},
	journal = {Journal of Corporate Finance},
	publisher = {Elsevier},
	url = {https://www.sciencedirect.com/science/article/pii/S092911991630253X},
	related = {https://scholar.google.com/scholar?q=related:Bn0ZGbVKINsJ:scholar.google.com/\&scioq=%22capital+structure%22\&hl=en\&as_sdt=2007\&as_ylo=2015\&as_yhi=2020},
	year = {2017},
	abstract = {… lending infrastructure model from the banking literature into the capital structure domain and test how it resonates with the key capital structure theories (pecking order, agency and trade…},
	note = {96 cites: https://scholar.google.com/scholar?cites=15789702435231595782\&as_sdt=2005\&sciodt=2007\&hl=en},
	note = {Query date: 2022-09-27 15:25:33},
}
@article{pop00021,
	author = {N Daskalakis and D Balios and V Dalla},
	title = {The behaviour of SMEs' capital structure determinants in different macroeconomic states},
	journal = {Journal of Corporate Finance},
	publisher = {Elsevier},
	url = {https://www.sciencedirect.com/science/article/pii/S0929119916303200},
	fulltext = {https://research.brighton.ac.uk/files/473016/JCF%20REVISED%20document.pdf},
	related = {https://scholar.google.com/scholar?q=related:joiVBPCt_JsJ:scholar.google.com/\&scioq=%22capital+structure%22\&hl=en\&as_sdt=2007\&as_ylo=2015\&as_yhi=2020},
	year = {2017},
	abstract = {… has triggered questions in the scientific area of capital structure dynamic determination regarding how “quickly” companies tend to adjust their capital structure to their long-term targets, …},
	note = {91 cites: https://scholar.google.com/scholar?cites=11240050016390580366\&as_sdt=2005\&sciodt=2007\&hl=en},
	note = {Query date: 2022-09-27 15:25:33},
}
@article{pop00022,
	author = {R Petacchi},
	title = {Information asymmetry and capital structure: Evidence from regulation FD},
	journal = {Journal of Accounting and Economics},
	publisher = {Elsevier},
	url = {https://www.sciencedirect.com/science/article/pii/S0165410115000038},
	fulltext = {https://dspace.mit.edu/bitstream/handle/1721.1/114877/Petacchi_Information%20asymmetry.pdf?sequence=1\&isAllowed=y},
	related = {https://scholar.google.com/scholar?q=related:8oiBf9K30F8J:scholar.google.com/\&scioq=%22capital+structure%22\&hl=en\&as_sdt=2007\&as_ylo=2015\&as_yhi=2020},
	year = {2015},
	abstract = {This study uses Regulation Fair Disclosure (FD) as a plausibly exogenous shock to the information environment to identify the causal effect of information asymmetry on corporate …},
	note = {90 cites: https://scholar.google.com/scholar?cites=6904220343469181170\&as_sdt=2005\&sciodt=2007\&hl=en},
	note = {Query date: 2022-09-27 15:25:33},
}
@article{pop00023,
	author = {L Lepetit and N Saghi-Zedek and A Tarazi},
	title = {Excess control rights, bank capital structure adjustments, and lending},
	journal = {Journal of Financial Economics},
	publisher = {Elsevier},
	url = {https://www.sciencedirect.com/science/article/pii/S0304405X1400213X},
	fulltext = {https://citeseerx.ist.psu.edu/viewdoc/download?doi=10.1.1.500.1852\&rep=rep1\&type=pdf},
	related = {https://scholar.google.com/scholar?q=related:T5tK5CraysEJ:scholar.google.com/\&scioq=%22capital+structure%22\&hl=en\&as_sdt=2007\&as_ylo=2015\&as_yhi=2020},
	year = {2015},
	abstract = {… Our findings contribute to the capital structure adjustment literature and have critical policy implications for the implementation of Basel III and the debate on capital requirements and …},
	note = {82 cites: https://scholar.google.com/scholar?cites=13964213472369220431\&as_sdt=2005\&sciodt=2007\&hl=en},
	note = {Query date: 2022-09-27 15:25:33},
}
@article{pop00024,
	author = {SJ Reinartz and T Schmid},
	title = {Production flexibility, product markets, and capital structure decisions},
	journal = {The Review of Financial Studies},
	publisher = {academic.oup.com},
	url = {https://academic.oup.com/rfs/article-abstract/29/6/1501/2583640},
	fulltext = {https://core.ac.uk/download/pdf/45605635.pdf},
	related = {https://scholar.google.com/scholar?q=related:I22KuLQt6nIJ:scholar.google.com/\&scioq=%22capital+structure%22\&hl=en\&as_sdt=2007\&as_ylo=2015\&as_yhi=2020},
	year = {2016},
	abstract = {… It can also adjust its capital structure by issuing debt and equity, and this causes … In particular, they state that “when the costs to dynamically manage capital structure are small, the …},
	note = {68 cites: https://scholar.google.com/scholar?cites=8280481119087521059\&as_sdt=2005\&sciodt=2007\&hl=en},
	note = {Query date: 2022-09-27 15:25:33},
}
@article{pop00025,
	author = {S Antill and SR Grenadier},
	title = {Optimal capital structure and bankruptcy choice: Dynamic bargaining versus liquidation},
	journal = {Journal of Financial Economics},
	publisher = {Elsevier},
	url = {https://www.sciencedirect.com/science/article/pii/S0304405X19300224},
	fulltext = {https://www.sciencedirect.com/science/article/am/pii/S0304405X19300224},
	related = {https://scholar.google.com/scholar?q=related:aNuX-BZc90kJ:scholar.google.com/\&scioq=%22capital+structure%22\&hl=en\&as_sdt=2007\&as_ylo=2015\&as_yhi=2020},
	year = {2019},
	abstract = {… Section 5 describes the time zero capital structure choice, provides our results on capital structure, and gives additional empirical implications. Section 6 discusses possible …},
	note = {66 cites: https://scholar.google.com/scholar?cites=5329829937746008936\&as_sdt=2005\&sciodt=2007\&hl=en},
	note = {Query date: 2022-09-27 15:25:33},
}
@article{pop00026,
	author = {R Armenter and V Hnatkovska},
	title = {Taxes and capital structure: Understanding firms' savings},
	journal = {Journal of Monetary Economics},
	publisher = {Elsevier},
	url = {https://www.sciencedirect.com/science/article/pii/S0304393217300259},
	fulltext = {https://citeseerx.ist.psu.edu/viewdoc/download?doi=10.1.1.720.2986\&rep=rep1\&type=pdf},
	related = {https://scholar.google.com/scholar?q=related:2ZyPkyNtR2EJ:scholar.google.com/\&scioq=%22capital+structure%22\&hl=en\&as_sdt=2007\&as_ylo=2015\&as_yhi=2020},
	year = {2017},
	abstract = {… This section documents the key empirical regularities about the capital structure of the US corporate sector both at the aggregate and firm level. The starting point is the aggregate data, …},
	note = {55 cites: https://scholar.google.com/scholar?cites=7009691344592411865\&as_sdt=2005\&sciodt=2007\&hl=en},
	note = {Query date: 2022-09-27 15:25:33},
}
@article{pop00027,
	author = {P Glasserman and B Nouri},
	title = {Market‐triggered changes in capital structure: Equilibrium price dynamics},
	journal = {Econometrica},
	publisher = {Wiley Online Library},
	doi = {10.3982/ECTA11206},
	url = {https://onlinelibrary.wiley.com/doi/abs/10.3982/ECTA11206},
	fulltext = {https://www0.gsb.columbia.edu/faculty/pglasserman/Other/market_trigger3c.pdf},
	related = {https://scholar.google.com/scholar?q=related:T7O_8K9e72MJ:scholar.google.com/\&scioq=%22capital+structure%22\&hl=en\&as_sdt=2007\&as_ylo=2015\&as_yhi=2020},
	year = {2016},
	abstract = {… to trigger a contractual change in the firm’s capital structure, given that the value of the equity itself depends on the firm’s capital structure. Of particular interest is the case of contingent …},
	note = {55 cites: https://scholar.google.com/scholar?cites=7201078438940095311\&as_sdt=2005\&sciodt=2007\&hl=en},
	note = {Query date: 2022-09-27 15:25:33},
}
@article{pop00028,
	author = {P Bolton and H Huang},
	title = {The capital structure of nations},
	journal = {Review of Finance},
	publisher = {academic.oup.com},
	url = {https://academic.oup.com/rof/article-abstract/22/1/45/4168772},
	fulltext = {https://www.nber.org/system/files/working_papers/w23612/w23612.pdf},
	related = {https://scholar.google.com/scholar?q=related:KC3gdtUkwMcJ:scholar.google.com/\&scioq=%22capital+structure%22\&hl=en\&as_sdt=2007\&as_ylo=2015\&as_yhi=2020},
	year = {2018},
	abstract = {… After analyzing the optimal capital structure and characterizing different equilibria, we extend our analysis by considering the effects of debt overhang, when the nation’s legacy debt is …},
	note = {52 cites: https://scholar.google.com/scholar?cites=14393544908317142312\&as_sdt=2005\&sciodt=2007\&hl=en},
	note = {Query date: 2022-09-27 15:25:33},
}
@article{pop00029,
	author = {M Oliveira and PR Kadapakkam and M Beyhaghi},
	title = {Effects of customer financial distress on supplier capital structure},
	journal = {Journal of Corporate Finance},
	publisher = {Elsevier},
	url = {https://www.sciencedirect.com/science/article/pii/S0929119916303005},
	fulltext = {https://digitalcommons.trinity.edu/cgi/viewcontent.cgi?article=1156\&context=busadmin_faculty},
	related = {https://scholar.google.com/scholar?q=related:UWRkjeDNXeIJ:scholar.google.com/\&scioq=%22capital+structure%22\&hl=en\&as_sdt=2007\&as_ylo=2015\&as_yhi=2020},
	year = {2017},
	abstract = {… factors that might impact capital structure decisions. These factors … considerations for the choice of capital structure, such as the … We analyze the changes in capital structure of suppliers …},
	note = {52 cites: https://scholar.google.com/scholar?cites=16311419789734339665\&as_sdt=2005\&sciodt=2007\&hl=en},
	note = {Query date: 2022-09-27 15:25:33},
}
@article{pop00030,
	author = {LH Pan and CT Lin and SC Lee and KC Ho},
	title = {Information ratings and capital structure},
	journal = {Journal of corporate finance},
	publisher = {Elsevier},
	url = {https://www.sciencedirect.com/science/article/pii/S0929119915000127},
	fulltext = {https://www.academia.edu/download/51924719/Lin.pdf},
	related = {https://scholar.google.com/scholar?q=related:isP4wUW2eJ0J:scholar.google.com/\&scioq=%22capital+structure%22\&hl=en\&as_sdt=2007\&as_ylo=2015\&as_yhi=2020},
	year = {2015},
	abstract = {… We examine the impact of information asymmetry on a firm's capital structure decisions with a unique information rating scheme that draws from 114 measures over five dimensions of …},
	note = {49 cites: https://scholar.google.com/scholar?cites=11347019671883269002\&as_sdt=2005\&sciodt=2007\&hl=en},
	note = {Query date: 2022-09-27 15:25:33},
}
@article{pop00031,
	author = {J Hugonnier and S Malamud and E Morellec},
	title = {Credit market frictions and capital structure dynamics},
	journal = {Journal of Economic Theory},
	publisher = {Elsevier},
	url = {https://www.sciencedirect.com/science/article/pii/S0022053114001422},
	fulltext = {https://www.epfl.ch/schools/cdm/wp-content/uploads/2018/08/IlliquidityNew-1.pdf},
	related = {https://scholar.google.com/scholar?q=related:gGYsLXsQ38AJ:scholar.google.com/\&scioq=%22capital+structure%22\&hl=en\&as_sdt=2007\&as_ylo=2015\&as_yhi=2020},
	year = {2015},
	abstract = {… capital structure and the risk of default of corporations. To do so, we develop a dynamic capital structure … for investors when seeking to adjust their capital structure. We provide a general …},
	note = {48 cites: https://scholar.google.com/scholar?cites=13897845096313546368\&as_sdt=2005\&sciodt=2007\&hl=en},
	note = {Query date: 2022-09-27 15:25:33},
}
@article{pop00032,
	author = {S Anwar and S Sun},
	title = {Can the presence of foreign investment affect the capital structure of domestic firms?},
	journal = {Journal of Corporate Finance},
	publisher = {Elsevier},
	url = {https://www.sciencedirect.com/science/article/pii/S0929119914001473},
	related = {https://scholar.google.com/scholar?q=related:8ksz7MIJmXgJ:scholar.google.com/\&scioq=%22capital+structure%22\&hl=en\&as_sdt=2007\&as_ylo=2015\&as_yhi=2020},
	year = {2015},
	abstract = {… other factors, can vary from industry to industry and hence the empirical analysis presented in this paper also considers the link between foreign presence and firm capital structure in …},
	note = {45 cites: https://scholar.google.com/scholar?cites=8689987688779172850\&as_sdt=2005\&sciodt=2007\&hl=en},
	note = {Query date: 2022-09-27 15:25:33},
}
@article{pop00033,
	author = {H Kim},
	title = {How does labor market size affect firm capital structure? Evidence from large plant openings},
	journal = {Journal of Financial Economics},
	publisher = {Elsevier},
	url = {https://www.sciencedirect.com/science/article/pii/S0304405X2030129X},
	fulltext = {https://www.sole-jole.org/assets/docs/16094.pdf},
	related = {https://scholar.google.com/scholar?q=related:4W99_9sI2uEJ:scholar.google.com/\&scioq=%22capital+structure%22\&hl=en\&as_sdt=2007\&as_ylo=2015\&as_yhi=2020},
	year = {2020},
	abstract = {… I examine how the labor market in which firms operate affects their capital structure decisions. Based on US Census Bureau data and information on companies’ decisions to locate their …},
	note = {43 cites: https://scholar.google.com/scholar?cites=16274329944433979361\&as_sdt=2005\&sciodt=2007\&hl=en},
	note = {Query date: 2022-09-27 15:25:33},
}
@article{pop00034,
	author = {JH Nguyen and HV Phan},
	title = {Carbon risk and corporate capital structure},
	journal = {Journal of Corporate Finance},
	publisher = {Elsevier},
	url = {https://www.sciencedirect.com/science/article/pii/S0929119920301577},
	fulltext = {http://econfin.massey.ac.nz/school/documents/seminarseries/manawatu/Carbon%20risk%20and%20capital%20structure-08182018.pdf},
	related = {https://scholar.google.com/scholar?q=related:793wXrIVmpgJ:scholar.google.com/\&scioq=%22capital+structure%22\&hl=en\&as_sdt=2007\&as_ylo=2015\&as_yhi=2020},
	year = {2020},
	abstract = {… We then investigate the effects of carbon risk on capital structure of firms conditional on their degrees of financial constraints. Intuitively, if the decrease in financial leverage is …},
	note = {42 cites: https://scholar.google.com/scholar?cites=10996125296019693039\&as_sdt=2005\&sciodt=2007\&hl=en},
	note = {Query date: 2022-09-27 15:25:33},
}
@article{pop00035,
	author = {B Blaylock and FB Gaertner and T Shevlin},
	title = {Book-tax conformity and capital structure},
	journal = {Review of Accounting Studies},
	publisher = {Springer},
	doi = {10.1007/s11142-017-9386-2},
	url = {https://link.springer.com/article/10.1007/s11142-017-9386-2},
	fulltext = {https://escholarship.org/content/qt7sw8w4hf/qt7sw8w4hf_noSplash_bf3a65dbc09e9b69405925b0d079cc2f.pdf},
	related = {https://scholar.google.com/scholar?q=related:IwlDPM5F6w0J:scholar.google.com/\&scioq=%22capital+structure%22\&hl=en\&as_sdt=2007\&as_ylo=2015\&as_yhi=2020},
	year = {2017},
	abstract = {… capital structure for converting firms pre/post TRA ‘86 (the first difference) while simultaneously considering changes in capital structure … corporate taxation on capital structure, Footnote …},
	note = {42 cites: https://scholar.google.com/scholar?cites=1002972094096673059\&as_sdt=2005\&sciodt=2007\&hl=en},
	note = {Query date: 2022-09-27 15:25:33},
}
@article{pop00036,
	author = {A Shah and HA Shah and JM Smith and GJ Labianca},
	title = {Judicial efficiency and capital structure: An international study},
	journal = {Journal of Corporate Finance},
	publisher = {Elsevier},
	url = {https://www.sciencedirect.com/science/article/pii/S0929119916301730},
	related = {https://scholar.google.com/scholar?q=related:R-i1FT7wwvoJ:scholar.google.com/\&scioq=%22capital+structure%22\&hl=en\&as_sdt=2007\&as_ylo=2015\&as_yhi=2020},
	year = {2017},
	abstract = {… court system – in corporate capital structure decisions. While most … capital structure. Existing studies assume that creditor rights and judicial efficiency influence all firms' capital structure …},
	note = {40 cites: https://scholar.google.com/scholar?cites=18069268804406732871\&as_sdt=2005\&sciodt=2007\&hl=en},
	note = {Query date: 2022-09-27 15:25:33},
}
@article{pop00037,
	author = {ML Lemmon and JF Zender},
	title = {Asymmetric information, debt capacity, and capital structure},
	journal = {Journal of Financial and Quantitative …},
	publisher = {cambridge.org},
	url = {https://www.cambridge.org/core/journals/journal-of-financial-and-quantitative-analysis/article/asymmetric-information-debt-capacity-and-capital-structure/3547B004A73FF47417620B2C3EC08759},
	fulltext = {https://leeds-faculty.colorado.edu/Zender/papers/AsymInfo-6-6-2016.pdf},
	related = {https://scholar.google.com/scholar?q=related:A7Mws6q3USgJ:scholar.google.com/\&scioq=%22capital+structure%22\&hl=en\&as_sdt=2007\&as_ylo=2015\&as_yhi=2020},
	year = {2019},
	abstract = {… This paper develops a model of capital structure choice in which asymmetric information between the firm and external investors is the sole friction. In the model, both the face value of …},
	note = {39 cites: https://scholar.google.com/scholar?cites=2905305178409317123\&as_sdt=2005\&sciodt=2007\&hl=en},
	note = {Query date: 2022-09-27 15:25:33},
}
@article{pop00038,
	author = {R Geske and A Subrahmanyam and Y Zhou},
	title = {Capital structure effects on the prices of equity call options},
	journal = {Journal of Financial Economics},
	publisher = {Elsevier},
	url = {https://www.sciencedirect.com/science/article/pii/S0304405X16300484},
	related = {https://scholar.google.com/scholar?q=related:3cKcwAVuYn0J:scholar.google.com/\&scioq=%22capital+structure%22\&hl=en\&as_sdt=2007\&as_ylo=2015\&as_yhi=2020},
	year = {2016},
	abstract = {… We believe that we are the first to empirically examine capital structure effects on the pricing of … The former aspect allows one to assess how market value–based capital structure varies …},
	note = {38 cites: https://scholar.google.com/scholar?cites=9034904773444027101\&as_sdt=2005\&sciodt=2007\&hl=en},
	note = {Query date: 2022-09-27 15:25:33},
}
@article{pop00039,
	author = {BW Myers and A Saretto},
	title = {Does capital structure affect the behavior of nonfinancial stakeholders? An empirical investigation into leverage and union strikes},
	journal = {Management Science},
	publisher = {pubsonline.informs.org},
	doi = {10.1287/mnsc.2015.2267},
	url = {https://pubsonline.informs.org/doi/abs/10.1287/mnsc.2015.2267},
	related = {https://scholar.google.com/scholar?q=related:H7dK4O7kNi8J:scholar.google.com/\&scioq=%22capital+structure%22\&hl=en\&as_sdt=2007\&as_ylo=2015\&as_yhi=2020},
	year = {2016},
	abstract = {… In the second part of our analysis, we examine firms’ capital structure decisions before and after a contract negotiation and strike. We find that the average leverage for firms that do not …},
	note = {38 cites: https://scholar.google.com/scholar?cites=3402158283141330719\&as_sdt=2005\&sciodt=2007\&hl=en},
	note = {Query date: 2022-09-27 15:25:33},
}
@article{pop00040,
	author = {AA Antzoulatos and K Koufopoulos and ...},
	title = {Supply of capital and capital structure: The role of financial development},
	journal = {Journal of Corporate …},
	publisher = {Elsevier},
	url = {https://www.sciencedirect.com/science/article/pii/S0929119916300037},
	fulltext = {https://eprints.whiterose.ac.uk/144732/7/Convergence%20Paper%20Revised.pdf},
	related = {https://scholar.google.com/scholar?q=related:vnPRuoo5_RYJ:scholar.google.com/\&scioq=%22capital+structure%22\&hl=en\&as_sdt=2007\&as_ylo=2015\&as_yhi=2020},
	year = {2016},
	abstract = {… capital structure and the tightness of financial constraints that firms face. We employ an econometric technique that allows us to explicitly test for convergence in capital structure. This …},
	note = {36 cites: https://scholar.google.com/scholar?cites=1656543505944769470\&as_sdt=2005\&sciodt=2007\&hl=en},
	note = {Query date: 2022-09-27 15:25:33},
}
@article{pop00041,
	author = {NH Nguyen and HV Phan and E Lee},
	title = {Shareholder litigation rights and capital structure decisions},
	journal = {Journal of Corporate Finance},
	publisher = {Elsevier},
	url = {https://www.sciencedirect.com/science/article/pii/S0929119920300456},
	fulltext = {https://scholarworks.utrgv.edu/cgi/viewcontent.cgi?article=1037\&context=ef_fac},
	related = {https://scholar.google.com/scholar?q=related:58OuFBvibIoJ:scholar.google.com/\&scioq=%22capital+structure%22\&hl=en\&as_sdt=2007\&as_ylo=2015\&as_yhi=2020},
	year = {2020},
	abstract = {… First, our research contributes to the capital structure literature. Recent research finds that the adoption of UD laws leads to an increase in both the cost of debt (Ni and Yin, 2018) and …},
	note = {35 cites: https://scholar.google.com/scholar?cites=9974595880657798119\&as_sdt=2005\&sciodt=2007\&hl=en},
	note = {Query date: 2022-09-27 15:25:33},
}
@article{pop00042,
	author = {S Ji and DC Mauer and Y Zhang},
	title = {Managerial entrenchment and capital structure: The effect of diversification},
	journal = {Journal of Corporate Finance},
	publisher = {Elsevier},
	url = {https://www.sciencedirect.com/science/article/pii/S0929119918300877},
	related = {https://scholar.google.com/scholar?q=related:NdcaaXfKA9kJ:scholar.google.com/\&scioq=%22capital+structure%22\&hl=en\&as_sdt=2007\&as_ylo=2015\&as_yhi=2020},
	year = {2020},
	abstract = {… Lastly, to control for the effect of M\&A activity on capital structure, we include a dummy variable equal to one if the ratio of acquisition expenditures to book value of total assets in the …},
	note = {30 cites: https://scholar.google.com/scholar?cites=15637564945373779765\&as_sdt=2005\&sciodt=2007\&hl=en},
	note = {Query date: 2022-09-27 15:25:33},
}
@article{pop00043,
	author = {G Nicodano and L Regis},
	title = {A trade-off theory of ownership and capital structure},
	journal = {Journal of Financial Economics},
	publisher = {Elsevier},
	url = {https://www.sciencedirect.com/science/article/pii/S0304405X18302538},
	fulltext = {https://iris.unito.it/bitstream/2318/1694879/1/trade%20off%20ownership_17_11.pdf},
	related = {https://scholar.google.com/scholar?q=related:8Pq3i-TrmoEJ:scholar.google.com/\&scioq=%22capital+structure%22\&hl=en\&as_sdt=2007\&as_ylo=2015\&as_yhi=2020},
	year = {2019},
	abstract = {… This paper sets out to explain the ownership and capital structure of two connected units that share a common controlling entity. We call them “units” instead of firms or banks, because …},
	note = {30 cites: https://scholar.google.com/scholar?cites=9339036144135305968\&as_sdt=2005\&sciodt=2007\&hl=en},
	note = {Query date: 2022-09-27 15:25:33},
}
@article{pop00044,
	author = {A Purnanandam and U Rajan},
	title = {Growth option exercise and capital structure},
	journal = {Review of Finance},
	publisher = {academic.oup.com},
	url = {https://academic.oup.com/rof/article-abstract/22/1/177/2389567},
	fulltext = {https://citeseerx.ist.psu.edu/viewdoc/download?doi=10.1.1.719.5068\&rep=rep1\&type=pdf},
	related = {https://scholar.google.com/scholar?q=related:mndiOWgy5lgJ:scholar.google.com/\&scioq=%22capital+structure%22\&hl=en\&as_sdt=2007\&as_ylo=2015\&as_yhi=2020},
	year = {2018},
	abstract = {… -based explanations of capital structure, our results imply that … for a large literature in capital structure and security design. In … An implication for dynamic models of capital structure is that …},
	note = {30 cites: https://scholar.google.com/scholar?cites=6405862943201851290\&as_sdt=2005\&sciodt=2007\&hl=en},
	note = {Query date: 2022-09-27 15:25:33},
}
@article{pop00045,
	author = {D Gale and P Gottardi},
	title = {Capital structure, investment, and fire sales},
	journal = {The Review of Financial Studies},
	publisher = {academic.oup.com},
	url = {https://academic.oup.com/rfs/article-abstract/28/9/2502/1580176},
	fulltext = {http://eprints.lse.ac.uk/60958/1/dp-23.pdf},
	related = {https://scholar.google.com/scholar?q=related:Mi7IH9flqBwJ:scholar.google.com/\&scioq=%22capital+structure%22\&hl=en\&as_sdt=2007\&as_ylo=2015\&as_yhi=2020},
	year = {2015},
	abstract = {… In contrast, we show the inefficiency of the firms' capital structure decisions in equilibrium in an environment in which firms are not constrained by the level of their collateral, but face …},
	note = {30 cites: https://scholar.google.com/scholar?cites=2065153141263314482\&as_sdt=2005\&sciodt=2007\&hl=en},
	note = {Query date: 2022-09-27 15:25:33},
}
@article{pop00046,
	author = {L Martellini and V Milhau and A Tarelli},
	title = {Capital structure decisions and the optimal design of corporate market debt programs},
	journal = {Journal of Corporate Finance},
	publisher = {Elsevier},
	url = {https://www.sciencedirect.com/science/article/pii/S0929119917307198},
	related = {https://scholar.google.com/scholar?q=related:YmdAKc-jDHEJ:scholar.google.com/\&scioq=%22capital+structure%22\&hl=en\&as_sdt=2007\&as_ylo=2015\&as_yhi=2020},
	year = {2018},
	abstract = {… a joint quantitative analysis of capital structure decisions (debt … has an impact on capital structure decisions, and leads to … to a situation where only the capital structure is optimized. …},
	note = {29 cites: https://scholar.google.com/scholar?cites=8146065936152029026\&as_sdt=2005\&sciodt=2007\&hl=en},
	note = {Query date: 2022-09-27 15:25:33},
}
@article{pop00047,
	author = {S Mulyani and D Amboningtyas and A Fathoni},
	title = {The Influence of Liquidity, Profitability, Leverage on Firm Value with Capital Structure as Intervening Variable (in Plantation Sub Sector Company 2012-2016 Listed in …},
	journal = {Journal of Management},
	publisher = {jurnal.unpand.ac.id},
	url = {http://jurnal.unpand.ac.id/index.php/MS/article/view/782},
	fulltext = {http://jurnal.unpand.ac.id/index.php/MS/article/viewFile/782/758},
	related = {https://scholar.google.com/scholar?q=related:zM8ZifdxkvYJ:scholar.google.com/\&scioq=%22capital+structure%22\&hl=en\&as_sdt=2007\&as_ylo=2015\&as_yhi=2020},
	year = {2017},
	abstract = {Penelitian ini bertujuan untuk mengetahui pengaruh likuiditas, profitabilitas dan leverage terhadap nilai perusahaan dengan struktur modal sebagai variabel intervening pada …},
	note = {24 cites: https://scholar.google.com/scholar?cites=17767388787901059020\&as_sdt=2005\&sciodt=2007\&hl=en},
	note = {Query date: 2022-09-27 15:25:33},
}
@article{pop00048,
	author = {S Brown and M Dutordoir and C Veld and ...},
	title = {What is the role of institutional investors in corporate capital structure decisions? A survey analysis},
	journal = {Journal of Corporate …},
	publisher = {Elsevier},
	url = {https://www.sciencedirect.com/science/article/pii/S0929119919301294},
	fulltext = {https://www.research.manchester.ac.uk/portal/files/104169425/Investor_survey_February_7_2019.pdf},
	related = {https://scholar.google.com/scholar?q=related:g7DwBHJmFUAJ:scholar.google.com/\&scioq=%22capital+structure%22\&hl=en\&as_sdt=2007\&as_ylo=2015\&as_yhi=2020},
	year = {2019},
	abstract = {… capital structure decisions and views on capital structure theories. Over 82% of investors believe they influence corporate capital structure … important drivers of capital structure. Investors' …},
	note = {21 cites: https://scholar.google.com/scholar?cites=4617709632833499267\&as_sdt=2005\&sciodt=2007\&hl=en},
	note = {Query date: 2022-09-27 15:25:33},
}
@article{pop00049,
	author = {HJ Im and Y Kang and J Shon},
	title = {How does uncertainty influence target capital structure?},
	journal = {Journal of Corporate Finance},
	publisher = {Elsevier},
	url = {https://www.sciencedirect.com/science/article/pii/S0929119920300869},
	related = {https://scholar.google.com/scholar?q=related:Hn8-LpYuSRQJ:scholar.google.com/\&scioq=%22capital+structure%22\&hl=en\&as_sdt=2007\&as_ylo=2015\&as_yhi=2020},
	year = {2020},
	abstract = {… a significant contribution to the dynamic capital structure literature. First, … capital structure. The asset volatility measure is in line with a volatility term (σ) in most dynamic capital structure …},
	note = {19 cites: https://scholar.google.com/scholar?cites=1461750776614256414\&as_sdt=2005\&sciodt=2007\&hl=en},
	note = {Query date: 2022-09-27 15:25:33},
}
@article{pop00050,
	author = {M Daher},
	title = {Creditor control rights, capital structure, and legal enforcement},
	journal = {Journal of Corporate Finance},
	publisher = {Elsevier},
	url = {https://www.sciencedirect.com/science/article/pii/S0929119917302092},
	fulltext = {https://scholar.archive.org/work/gzlzhksc6vczhowkusgm4oo5sm/access/wayback/https://workspace.imperial.ac.uk/business-school/Public/PhD/Control%20Rights%20and%20Legal%20Enforcement%20-%20Mai%20Daher%20JMP%20-%20November%202014.pdf},
	related = {https://scholar.google.com/scholar?q=related:K-TUU8FA3coJ:scholar.google.com/\&scioq=%22capital+structure%22\&hl=en\&as_sdt=2007\&as_ylo=2015\&as_yhi=2020},
	year = {2017},
	abstract = {… Capital structure variables I use two measures of capital structure in the analysis: Net Debt Issuance and Leverage, where net debt issuance is the dependent variable, and leverage is …},
	note = {19 cites: https://scholar.google.com/scholar?cites=14617911164593824811\&as_sdt=2005\&sciodt=2007\&hl=en},
	note = {Query date: 2022-09-27 15:25:33},
}
@article{pop00051,
	author = {P Kumar and V Yerramilli},
	title = {Optimal capital structure and investment with real options and endogenous debt costs},
	journal = {The Review of Financial Studies},
	publisher = {academic.oup.com},
	url = {https://academic.oup.com/rfs/article-abstract/31/9/3452/4083174},
	fulltext = {https://www.bauer.uh.edu/yerramilli/KumarYerramilli.pdf},
	related = {https://scholar.google.com/scholar?q=related:0hH1VbHfr5gJ:scholar.google.com/\&scioq=%22capital+structure%22\&hl=en\&as_sdt=2007\&as_ylo=2015\&as_yhi=2020},
	year = {2018},
	abstract = {… Although a number of studies in the broader corporate finance literature endogenize both capital structure and investment, we still have a limited understanding of the trade-offs involved …},
	note = {19 cites: https://scholar.google.com/scholar?cites=11002258367433740754\&as_sdt=2005\&sciodt=2007\&hl=en},
	note = {Query date: 2022-09-27 15:25:33},
}
@article{pop00052,
	author = {P Borochin and J Yang},
	title = {Options, equity risks, and the value of capital structure adjustments},
	journal = {Journal of Corporate Finance},
	publisher = {Elsevier},
	url = {https://www.sciencedirect.com/science/article/pii/S0929119916303017},
	fulltext = {https://www.researchgate.net/profile/Jie-Yang-127/publication/312306153_Options_Equity_Risks_and_the_Value_of_Capital_Structure_Adjustments/links/587f7ac608ae9275d4ee32e1/Options-Equity-Risks-and-the-Value-of-Capital-Structure-Adjustments.pdf},
	related = {https://scholar.google.com/scholar?q=related:34tLjOEthq0J:scholar.google.com/\&scioq=%22capital+structure%22\&hl=en\&as_sdt=2007\&as_ylo=2015\&as_yhi=2020},
	year = {2017},
	abstract = {… Using the net levering up ratio to measure capital structure adjustments, we examine the power of our options-based measures in predicting capital structure decisions within a firm over …},
	note = {16 cites: https://scholar.google.com/scholar?cites=12503731862185413599\&as_sdt=2005\&sciodt=2007\&hl=en},
	note = {Query date: 2022-09-27 15:25:33},
}
@article{pop00053,
	author = {R Inderst and V Vladimirov},
	title = {Growth firms and relationship finance: A capital structure perspective},
	journal = {Management Science},
	publisher = {pubsonline.informs.org},
	doi = {10.1287/mnsc.2018.3076},
	url = {https://pubsonline.informs.org/doi/abs/10.1287/mnsc.2018.3076},
	fulltext = {https://www.researchgate.net/profile/Vladimir-Vladimirov-8/publication/331137612_Growth_Firms_and_Relationship_Finance_A_Capital_Structure_Perspective/links/5cf8ca2ba6fdcc847508b453/Growth-Firms-and-Relationship-Finance-A-Capital-Structure-Perspective.pdf},
	related = {https://scholar.google.com/scholar?q=related:PROO02iTDuEJ:scholar.google.com/\&scioq=%22capital+structure%22\&hl=en\&as_sdt=2007\&as_ylo=2015\&as_yhi=2020},
	year = {2019},
	abstract = {… More broadly, our paper falls into the large literature on capital structure choice and security design under asymmetric information. Our model endogenizes how firms’ existing capital …},
	note = {16 cites: https://scholar.google.com/scholar?cites=16217061386642920253\&as_sdt=2005\&sciodt=2007\&hl=en},
	note = {Query date: 2022-09-27 15:25:33},
}
@article{pop00054,
	author = {X Zhou and RM Reesor},
	title = {Misrepresentation and capital structure: Quantifying the impact on corporate debt value},
	journal = {Journal of Corporate Finance},
	publisher = {Elsevier},
	url = {https://www.sciencedirect.com/science/article/pii/S0929119915000802},
	related = {https://scholar.google.com/scholar?q=related:91sqPvHhBHsJ:scholar.google.com/\&scioq=%22capital+structure%22\&hl=en\&as_sdt=2007\&as_ylo=2015\&as_yhi=2020},
	year = {2015},
	abstract = {… and firm value for the capital structure model discussed in Section 2. … capital structure. Hence firm value volatility is a combination of the volatility of equity, debt and other capital structure …},
	note = {14 cites: https://scholar.google.com/scholar?cites=8864458392818310135\&as_sdt=2005\&sciodt=2007\&hl=en},
	note = {Query date: 2022-09-27 15:25:33},
}
@article{pop00055,
	author = {Q Huang and R Kim},
	title = {Capital structure decisions along the supply chain: Evidence from import competition},
	journal = {Journal of international business studies},
	publisher = {Springer},
	doi = {10.1057/s41267-019-00225-9},
	url = {https://link.springer.com/article/10.1057/s41267-019-00225-9},
	fulltext = {http://www.apjfs.org/resource/global/cafm/2017_8_2.pdf},
	related = {https://scholar.google.com/scholar?q=related:jNhs7nUtDjYJ:scholar.google.com/\&scioq=%22capital+structure%22\&hl=en\&as_sdt=2007\&as_ylo=2015\&as_yhi=2020},
	year = {2019},
	abstract = {… ’s capital structure decisions. Finally, our paper is related to discussions about whether an optimal capital structure … downstream firms into their capital structure decisions and adjust their …},
	note = {9 cites: https://scholar.google.com/scholar?cites=3895100712256592012\&as_sdt=2005\&sciodt=2007\&hl=en},
	note = {Query date: 2022-09-27 15:25:33},
}
@article{pop00056,
	author = {A Pandey and V Bhama and M Singh},
	title = {Recession Impact on Capital Structure Determinants: Evidences from India.},
	journal = {Journal of Management …},
	publisher = {search.ebscohost.com},
	url = {https://search.ebscohost.com/login.aspx?direct=true\&profile=ehost\&scope=site\&authtype=crawler\&jrnl=09725814\&AN=137657775\&h=8Zt5TrKEfdagSCYM6Li%2F3iBnp0guZdUEHytAyJGM7u986Lq1Mye6hWmI0pb%2BOgX35TXfvVd2m%2BO0SXgwiIln%2Bg%3D%3D\&crl=c},
	related = {https://scholar.google.com/scholar?q=related:o5aOsFWpM1AJ:scholar.google.com/\&scioq=%22capital+structure%22\&hl=en\&as_sdt=2007\&as_ylo=2015\&as_yhi=2020},
	year = {2019},
	abstract = {… The present study analyzes the important determinants of capital structure of Indian firms … capacity seem to be significant determinants of capital structure for both the pre- and post-…},
	note = {5 cites: https://scholar.google.com/scholar?cites=5779148932345927331\&as_sdt=2005\&sciodt=2007\&hl=en},
	note = {Query date: 2022-09-27 15:25:33},
}
@article{pop00057,
	author = {AE Bernardo and A Fabisiak and I Welch},
	title = {Asset redeployability, liquidation value, and endogenous capital structure heterogeneity},
	journal = {Journal of Financial and …},
	publisher = {cambridge.org},
	url = {https://www.cambridge.org/core/journals/journal-of-financial-and-quantitative-analysis/article/asset-redeployability-liquidation-value-and-endogenous-capital-structure-heterogeneity/5A1E754C62CFAFC84DAE0B50B2A4D19B},
	fulltext = {https://anderson-review.ucla.edu/wp-content/uploads/2021/03/Bernardo-et-al_2018_SSRN-id2981809.pdf},
	related = {https://scholar.google.com/scholar?q=related:Jqo1UNg1H48J:scholar.google.com/\&scioq=%22capital+structure%22\&hl=en\&as_sdt=2007\&as_ylo=2015\&as_yhi=2020},
	year = {2020},
	abstract = {… capital structure (unlike most other shipping firms) to expand … capital structure theory has been formulated in terms of debt, whereas almost every reduced-form empirical capital structure …},
	note = {2 cites: https://scholar.google.com/scholar?cites=10313020874876627494\&as_sdt=2005\&sciodt=2007\&hl=en},
	note = {Query date: 2022-09-27 15:25:33},
}
@article{pop00058,
	author = {I Riyani and D Amboningtyas and E Gagah},
	type = {PDF},
	title = {INFLUENCE OF CAPITAL STRUCTURE, COMPANY SIZE, AND INVESTMENT OPPORTUNITIES SET FOR COMPANY VALUE WITH PROFIT QUALITY AS …},
	journal = {Journal of Management},
	publisher = {jurnal.unpand.ac.id},
	url = {http://jurnal.unpand.ac.id/index.php/MS/article/viewFile/1563/1522},
	fulltext = {http://jurnal.unpand.ac.id/index.php/MS/article/viewFile/1563/1522},
	related = {https://scholar.google.com/scholar?q=related:f1Dug_-VOsEJ:scholar.google.com/\&scioq=%22capital+structure%22\&hl=en\&as_sdt=2007\&as_ylo=2015\&as_yhi=2020},
	year = {2020},
	abstract = {The population used in this study was pharmaceutical companies that were registered in the Indonesia Stock Exchange (IDX) for the 2014-2018 period. The sampling method used was …},
	note = {1 cites: https://scholar.google.com/scholar?cites=13923606122631942271\&as_sdt=2005\&sciodt=2007\&hl=en},
	note = {Query date: 2022-09-27 15:25:33},
}
