@article{pop00001,
	author = {K Guo and B Ke and S Tang},
	title = {Private firms' financial constraints and share pledging by controlling shareholders of publicly listed firms: Evidence from China},
	journal = {Journal of Corporate Finance},
	publisher = {Elsevier},
	url = {https://www.sciencedirect.com/science/article/pii/S0929119923000421},
	year = {2023},
	abstract = {… Private firms face significant financial constraints that limit … can partially relieve their financial constraints through the cash … for private firms facing greater financial constraints. However, …},
	note = {Query date: 2023-05-10 09:00:02},
}
@article{pop00002,
	author = {R Eskandari and M Zamanian},
	type = {HTML},
	title = {Cost of carry, financial constraints, and dynamics of corporate cash holdings},
	journal = {Journal of Corporate Finance},
	publisher = {Elsevier},
	url = {https://www.sciencedirect.com/science/article/pii/S0929119922000591},
	fulltext = {https://www.sciencedirect.com/science/article/pii/S0929119922000591},
	related = {https://scholar.google.com/scholar?q=related:4za-siWTXEwJ:scholar.google.com/\&scioq=source:%22journal+of+finance%22%7Csource:%22journal+of+corporate+finance%22%7Csource:%22journal+of+financial+economics%22%7Csource:%22review+of+financial+studies%22+intitle:%22financial+constraints%22\&hl=en\&as_sdt=2007\&as_ylo=2018},
	year = {2022},
	abstract = {… Our results suggest that financial constraints play an important role in adjusting cash to changes in the cost of carry. We introduce a simple model in which firms differ in their cost …},
	note = {4 cites: https://scholar.google.com/scholar?cites=5502434634861786851\&as_sdt=2005\&sciodt=2007\&hl=en},
	note = {Query date: 2023-05-10 09:00:02},
}
@article{pop00003,
	author = {RZ Heimer and A Imas},
	title = {Biased by choice: How financial constraints can reduce financial mistakes},
	journal = {The Review of Financial Studies},
	publisher = {academic.oup.com},
	url = {https://academic.oup.com/rfs/article-abstract/35/4/1643/6308957},
	related = {https://scholar.google.com/scholar?q=related:9jWWM1fY8YgJ:scholar.google.com/\&scioq=source:%22journal+of+finance%22%7Csource:%22journal+of+corporate+finance%22%7Csource:%22journal+of+financial+economics%22%7Csource:%22review+of+financial+studies%22+intitle:%22financial+constraints%22\&hl=en\&as_sdt=2007\&as_ylo=2018},
	year = {2022},
	abstract = {We show that constraints can improve financial decision-making by disciplining behavioral biases. In financial markets, restrictions on leverage limit traders’ ability to borrow to open …},
	note = {22 cites: https://scholar.google.com/scholar?cites=9867906127584703990\&as_sdt=2005\&sciodt=2007\&hl=en},
	note = {Query date: 2023-05-10 09:00:02},
}
@article{pop00004,
	author = {AB Abel and S Panageas},
	title = {An analytic framework for interpreting investment regressions in the presence of financial constraints},
	journal = {The Review of Financial Studies},
	publisher = {academic.oup.com},
	url = {https://academic.oup.com/rfs/article-abstract/35/9/4055/6446046},
	fulltext = {https://www.nber.org/system/files/working_papers/w26898/w26898.pdf},
	related = {https://scholar.google.com/scholar?q=related:l8gm1F9OCNEJ:scholar.google.com/\&scioq=source:%22journal+of+finance%22%7Csource:%22journal+of+corporate+finance%22%7Csource:%22journal+of+financial+economics%22%7Csource:%22review+of+financial+studies%22+intitle:%22financial+constraints%22\&hl=en\&as_sdt=2007\&as_ylo=2018},
	year = {2022},
	abstract = {… While marginal $q$ and average $q$ would be identically equal in the absence of financial constraints, they differ when financial constraints bind. We use analytic solutions to …},
	note = {7 cites: https://scholar.google.com/scholar?cites=15062375127228795031\&as_sdt=2005\&sciodt=2007\&hl=en},
	note = {Query date: 2023-05-10 09:00:02},
}
@article{pop00005,
	author = {Q Meng and X Li and KC Chan and S Gao},
	title = {Does short selling affect a firm's financial constraints?},
	journal = {Journal of Corporate Finance},
	publisher = {Elsevier},
	url = {https://www.sciencedirect.com/science/article/pii/S0929119918304279},
	related = {https://scholar.google.com/scholar?q=related:y3XF7jU9DnEJ:scholar.google.com/\&scioq=source:%22journal+of+finance%22%7Csource:%22journal+of+corporate+finance%22%7Csource:%22journal+of+financial+economics%22%7Csource:%22review+of+financial+studies%22+intitle:%22financial+constraints%22\&hl=en\&as_sdt=2007\&as_ylo=2018},
	year = {2020},
	abstract = {… sales on a firm's financial constraints. We develop … financial constraints by reducing its ability of raising cheap and overvalued external capital. (2) A shortable firm's financial constraints …},
	note = {51 cites: https://scholar.google.com/scholar?cites=8146516077808285131\&as_sdt=2005\&sciodt=2007\&hl=en},
	note = {Query date: 2023-05-10 09:00:02},
}
@article{pop00006,
	author = {S Chava and A Hsu},
	title = {Financial constraints, monetary policy shocks, and the cross-section of equity returns},
	journal = {The Review of Financial Studies},
	publisher = {academic.oup.com},
	url = {https://academic.oup.com/rfs/article-abstract/33/9/4367/5634157},
	related = {https://scholar.google.com/scholar?q=related:jh3REnLfJdoJ:scholar.google.com/\&scioq=source:%22journal+of+finance%22%7Csource:%22journal+of+corporate+finance%22%7Csource:%22journal+of+financial+economics%22%7Csource:%22review+of+financial+studies%22+intitle:%22financial+constraints%22\&hl=en\&as_sdt=2007\&as_ylo=2018},
	year = {2020},
	abstract = {We analyze the impact ofa unanticipated monetary policy changes on the cross-section of US equity returns. Financially constrained firms earn a significantly lower (higher) return …},
	note = {35 cites: https://scholar.google.com/scholar?cites=15719215755441544590\&as_sdt=2005\&sciodt=2007\&hl=en},
	note = {Query date: 2023-05-10 09:00:02},
}
@article{pop00007,
	author = {A Teja and A Wilson and K Chanry and JI Kusno},
	title = {The Relation between Dividend and Financial Constraints to Firm Value},
	journal = {Journal of Finance and …},
	publisher = {ojs.umt.edu.pk},
	url = {https://ojs.umt.edu.pk/index.php/jfar/article/view/851},
	fulltext = {https://ojs.umt.edu.pk/index.php/jfar/article/download/851/208},
	related = {https://scholar.google.com/scholar?q=related:FAbPr4uPp5kJ:scholar.google.com/\&scioq=source:%22journal+of+finance%22%7Csource:%22journal+of+corporate+finance%22%7Csource:%22journal+of+financial+economics%22%7Csource:%22review+of+financial+studies%22+intitle:%22financial+constraints%22\&hl=en\&as_sdt=2007\&as_ylo=2018},
	year = {2020},
	abstract = {… into dividend and financial constraints. Investor will consider whether firm financial constraints level … Firm with low financial constraints will be able to pay dividend and fund their good …},
	note = {Query date: 2023-05-10 09:00:02},
}
@article{pop00008,
	author = {S Dasgupta and EXN Li and D Yan},
	title = {Inventory behavior and financial constraints: Theory and evidence},
	journal = {The Review of Financial Studies},
	publisher = {academic.oup.com},
	url = {https://academic.oup.com/rfs/article-abstract/32/3/1188/5036235},
	fulltext = {https://eprints.lancs.ac.uk/id/eprint/127998/1/draft_final.pdf},
	related = {https://scholar.google.com/scholar?q=related:v5SwSSRV5igJ:scholar.google.com/\&scioq=source:%22journal+of+finance%22%7Csource:%22journal+of+corporate+finance%22%7Csource:%22journal+of+financial+economics%22%7Csource:%22review+of+financial+studies%22+intitle:%22financial+constraints%22\&hl=en\&as_sdt=2007\&as_ylo=2018},
	year = {2019},
	abstract = {… In this paper, we explore the effects of financial constraints on firms’ inventory behavior. We … -quadratic” model 2 with both capacity and financial constraints and allow a role for both cost …},
	note = {39 cites: https://scholar.google.com/scholar?cites=2947136620504061119\&as_sdt=2005\&sciodt=2007\&hl=en},
	note = {Query date: 2023-05-10 09:00:02},
}
@article{pop00009,
	author = {H Chen and S Joslin and SX Ni},
	title = {Demand for crash insurance, intermediary constraints, and risk premia in financial markets},
	journal = {The Review of Financial Studies},
	publisher = {academic.oup.com},
	url = {https://academic.oup.com/rfs/article-abstract/32/1/228/4994715},
	fulltext = {https://www.nber.org/system/files/working_papers/w25573/w25573.pdf},
	related = {https://scholar.google.com/scholar?q=related:hWXkV6KD710J:scholar.google.com/\&scioq=source:%22journal+of+finance%22%7Csource:%22journal+of+corporate+finance%22%7Csource:%22journal+of+financial+economics%22%7Csource:%22review+of+financial+studies%22+intitle:%22financial+constraints%22\&hl=en\&as_sdt=2007\&as_ylo=2018},
	year = {2019},
	abstract = {… Such high Sharpe ratios could persist during the financial crisis because of the presence of severe financial constraints that prevent arbitrageurs from taking advantage of the investment …},
	note = {91 cites: https://scholar.google.com/scholar?cites=6768773498243671429\&as_sdt=2005\&sciodt=2007\&hl=en},
	note = {Query date: 2023-05-10 09:00:02},
}
@article{pop00010,
	author = {MMM Buehlmaier and TM Whited},
	title = {Are financial constraints priced? Evidence from textual analysis},
	journal = {The Review of Financial Studies},
	publisher = {academic.oup.com},
	url = {https://academic.oup.com/rfs/article-abstract/31/7/2693/4824924},
	fulltext = {https://hub.hku.hk/bitstream/10722/261048/1/Content.pdf?accept=1},
	related = {https://scholar.google.com/scholar?q=related:pWmOBqE2D90J:scholar.google.com/\&scioq=source:%22journal+of+finance%22%7Csource:%22journal+of+corporate+finance%22%7Csource:%22journal+of+financial+economics%22%7Csource:%22review+of+financial+studies%22+intitle:%22financial+constraints%22\&hl=en\&as_sdt=2007\&as_ylo=2018},
	year = {2018},
	abstract = {… We construct novel measures of financial constraints using textual analysis of firms’ annual … A trading strategy based on financial constraints is most profitable for large, liquid stocks. …},
	note = {161 cites: https://scholar.google.com/scholar?cites=15929010472260364709\&as_sdt=2005\&sciodt=2007\&hl=en},
	note = {Query date: 2023-05-10 09:00:02},
}
@article{pop00011,
	author = {W Dou and Y Ji and D Reibstein and W Wu},
	type = {PDF},
	title = {Customer capital, financial constraints, and stock returns},
	journal = {… of Finance},
	publisher = {rodneywhitecenter.wharton.upenn …},
	url = {https://rodneywhitecenter.wharton.upenn.edu/wp-content/uploads/2018/01/10-17.dou_.pdf},
	fulltext = {https://rodneywhitecenter.wharton.upenn.edu/wp-content/uploads/2018/01/10-17.dou_.pdf},
	related = {https://scholar.google.com/scholar?q=related:D7ePTIyWEl8J:scholar.google.com/\&scioq=source:%22journal+of+finance%22%7Csource:%22journal+of+corporate+finance%22%7Csource:%22journal+of+financial+economics%22%7Csource:%22review+of+financial+studies%22+intitle:%22financial+constraints%22\&hl=en\&as_sdt=2007\&as_ylo=2018},
	year = {2018},
	abstract = {… capital and its interaction with financial constraints. We develop a quantitative … ’s financial constraints risk, whereas pure-brand-based customer capital is immune to financial constraints …},
	note = {15 cites: https://scholar.google.com/scholar?cites=6850703512508020495\&as_sdt=2005\&sciodt=2007\&hl=en},
	note = {Query date: 2023-05-10 09:00:02},
}
